% This file was created with JabRef 2.7b.
% Encoding: Cp1252
@ARTICLE{paperilc,
  author = {Lia Strenge, Xiaohan Jing, Ruth Boersma, Paul Schultz, Frank Hellmann, J\"urgen Kurths, J\"org Raisch, Thomas Seel},
  title = {Iterative learning control in
prosumer-based microgrids with
hierarchical control},
  journal = {Technische Universit\"at Berlin, Control Systems Group, Potsdam Institute for Climate Impact Research
  year = {2019},
  timestamp = {Accessed: 18.05.2020}
}
@misc{dg_wiki,
  title = {{Distributed generation - Wikipedia, the free encyclopedia}},
  howpublished = {\url{https://en.wikipedia.org/wiki/Distributed_generation}},
  note = {(07.09.2020)}
}
@misc{epa_dg,
  title = {{Distributed Generation of Electricity and its Environmental Impacts - US EPA
United States Environmental Protection Agency}},
  howpublished = {\url{https://www.epa.gov/energy/distributed-generation-electricity-and-its-environmental-impacts}},
  note = {(07.09.2020)}
}
@misc{virg_dg,
  title = {{1. Introduction to Distributed Generation}},
  howpublished = {\url{https://www.dg.history.vt.edu/ch1/introduction.html}},
  note = { Accessed: 07.09.2020}
}
@ARTICLE{Hatzi,
  author = {N. Hatziargyriou, and others},
  title = {Microgrids-Large Scale Integration of Microgeneration to Low Voltage Grids},
  journal = {Conference: CIGRE 2006, 41st Session Conference, Paris, France},
  year = {2006},
  timestamp = {Accessed: 20.09.2020}
}
@ARTICLE{concept,
  author = {Christine Schwaegerl and Liang Tao},
  title = {The Microgrids Concept},
  journal = {Wiley Online Library},
  year = {2017},
  timestamp = {Accessed: 20.09.2020}
}
@ARTICLE{versus,
  author = {J.J. Justo, and others},
  title = {AC-microgrids versus DC-microgrids
with distributed energy resources: A review},
  journal = {ELSEVIER, Renewable and Sustainable
Energy Reviews, 24:387–405,},
  year = {2009},
  timestamp = {Accessed: 20.09.2020}
}
@misc{microgrid_concept,
  title = {{Microgrid concepts - Christian A. Hans, Johannes Schiffer, Truong Duc Trung, Jörg Raisch}},
  howpublished = {\url{https://www.mpi-magdeburg.mpg.de/1378198/Control-Concepts-for-Microgrids}},
  note = {(21.05.2020)}
}
@misc{lineloss,
  title = {{What is electric line losses? - Padarabinda Samal}},
  howpublished = {\url{https://www.quora.com/What-is-electric-line-losses}},
  note = {(20.09.2020)}
}
@misc{portm,
  title = {{Portmanteau - Wikipedia, the free encyclopedia}},
  howpublished = {\url{https://en.wikipedia.org/wiki/Portmanteau}},
  note = {(21.09.2020)}
}
@ARTICLE{prosumage,
  author = {Wolf-Peter Schill, Alexander Zerrahn and Friedrich Kunz},
  title = {Prosumage of Solar Electricity:
Pros, Cons, and the System
Perspective},
  journal = {Deutsches Institut für Wirtschaftsforschung },
  year = {2017},
  timestamp = {Accessed: 21.09.2020}
}

@misc{prosume,
  title = {{Was ist ein "Prosumer"? - Bundesminesterium für Wirtschaft und Energie}},
  howpublished = {\url{https://www.bmwi-energiewende.de/EWD/Redaktion/Newsletter/2016/06/Meldung/direkt-erklaert.html}},
  note = {(13.06.2020)}
}
@misc{un_graph,
  title = {{Directed and undirected graphs}},
  howpublished = {\url{https://subscription.packtpub.com/book/application_development/9781788995573/8/ch08lvl1sec62/directed-and-undirected-graphs}},
  note = {(02.10.2020)}
}
@ARTICLE{graph_theory,
  author = {Johannes Schiffer, Darina Goldin, Jorg Raisch, Tevfik Sezi},
  title = {Synchronization of droop-controlled microgrids with distributed
rotational and electronic generation},
  journal = {52nd IEEE Conference on Decision and Control
December 10-13, 2013. Florence, Italy},
  year = {2013},
  timestamp = {Accessed: 25.09.2020}
}
@ARTICLE{lia_master,
  author = {Lia Strenge},
  title = {Modeling and simulation of a droop controlled swarm
type low voltage DC microgrid in a DAE framework - Master Thesis},
  journal = {A thesis submitted in partial fulfillment
of the requirements for the degree of
Master of Science in Scientific Computing},
  year = {2015},
  timestamp = {Accessed: 07.07.2020}
}
@ARTICLE{xiaohan_master,
author = {Xiaohan Jing},
title = {Iterative learning control in
hierarchically controlled power systems},
journal = {Master thesis - Technische Universität Berlin},
year = {2020},
timestamp = {Accessed: 18.10.2020}
}
@ARTICLE{lia_stability,
  author = {Lia Strenge, H. Kirchhoff, G.L. Ndow, Frank Hellmann},
  title = {Stability of meshed DC microgrids using
probabilistic analysis},
  journal = {2017 IEEE Second International Conference on DC Microgrids (ICDCM)},
  year = {2017},
  timestamp = {Accessed: 15.06.2020}
}
@misc{cs_princi,
  title = {{K.M. Fauske. Example: Control system principles. 2006.}},
  howpublished = {\url{www.texample.net/tikz/
examples/control-system-principles/}},
  note = {(02.10.2020)}
}
@misc{cs_princi_wiki,
  title = {{Orzetto. Feedback loop with descriptions. Wikipedia}},
  howpublished = {\url{https://en.wikipedia.org/wiki/Control_theory#/media/File:Feedback_loop_with_descriptions.svg}},
  note = {(02.10.2020)}
}
@misc{oploop,
  title = {{Open-loop-system - Electronics Tutorials}},
  howpublished = {\url{https://www.electronics-tutorials.ws/systems/open-loop-system.html}},
  note = {(01.10.2020)}
}
@ARTICLE{hier_control,
  author = {Xinglong Zhang},
  title = {HIERARCHICAL AND MULTILAYER CONTROL
STRUCTURES BASED ON MPC FOR
LARGE-SCALE SYSTEMS},
  journal = {POLITECNICO DI MILANO
DIPARTIMENTO DI ELETTRONICA, INFORMAZIONE E BIOINGEGNERIA
DOCTORAL PROGRAMME IN INFORMATION TECHNOLOGY},
  year = {2015},
  timestamp = {Accessed: 18.06.2020}
}
@ARTICLE{controldc,
  author = {Lexuan Meng, Giancarlo Ferrari Trecate, Deepak Fulwani},
  title = {Review on Control of DC Microgrids
and Multiple Microgrid Clusters},
  journal = {IEEE JOURNAL OF EMERGING AND SELECTED TOPICS IN POWER ELECTRONICS, VOL. 5, NO. 3},
  year = {2017},
  timestamp = {Accessed: 18.05.2020}
}
@ARTICLE{controldc_energy_man,
  author = {Luis Orlando Polanco Vasquez and others},
  title = {Optimal Energy Management within a Microgrid:
A Comparative Study},
  journal = {energies, MDPI},
  year = {2018},
  timestamp = {Accessed: 18.05.2020}
}
@ARTICLE{vl_ilc,
  author = {Moore, Chen, Ahn},
  title = {An Introduction to
Iterative Learning Control Theory},
  journal = {CSM EGES 504/604A Colloquium
Golden, CO},
  year = {2006},
  timestamp = {Accessed: 18.05.2020}
}
@ARTICLE{moore_ilc,
  author = {Kevin L. Moore},
  title = {Chapter 9 -
Iterative Learning Control},
  journal = {CSM EGES 504/604A Colloquium
Golden, CO},
  year = {2006},
  timestamp = {Accessed: 18.05.2020}
}
@ARTICLE{reduced_dc,
  author = {Sandeep Anand and B. G. Fernandes},
  title = {Reduced-Order Model and Stability Analysis
    of Low-Voltage DC Microgrid},
  journal = {IEEE TRANSACTIONS ON INDUSTRIAL ELECTRONICS, VOL. 60, NO. 11, NOVEMBER 2013},
  year = {2013},
  timestamp = {Accessed: 22.06.2020}
}
@ARTICLE{voltage_droop,
author = {Li Fusheng and Zhou Fengquan},
title = {Composition and classification of the microgrid- 2.4.2.3 Droop control},
journal = {Microgrid Technology and Engineering Application},
year = {2016},
timestamp = {Accessed: 02.08.2020}
}
@misc{mikieus,
title = {Mikeius - Translation: The current war: Nikola Tesla - What the Fact?! 31},
howpublished = {\url{https://www.youtube.com/watch?v=aTowR4acOl4}},
note = {(18.09.2020)}
}
@Comment{jabref-meta: databaseType:bibtex;}



